% book
% Required fields: author or editor, title, publisher, year. 
% Optional fields: volume or number, series, address, edition, month, note.
@book{coulouris,
  author = {Coulouris  G.  F.,  Dollimore J. e  Kindberg T},
  title = {Distributed Systems: concepts and Design},
  publisher = {Addison-Wesley},
  year = {1994},
  edition = "second edition"

}

% article
% Required fields: author, title, journal, year. 
% Optional fields: volume, number, pages, month, note.
@article{donoho,
  author = {Donoho D. L.},
  title = {Compressed Sensing},
  journal = {IEEE Trans. Inf. Theory},
  volume = {52},
  number = {4},
  pages = {1289-1306},
  year = {2006}
}

% conference
% same as inproceedings
% Required fields: author, title, booktitle, year. 
% Optional fields: editor, volume or number, series, pages, address, month, organization, publisher, note
@conference{dalal,
  author = {Dalal N., Triggs B.},
  title = {Histograms of Oriented Gradients for Human Detection},
  booktitle = {Computer Vision and Pattern Recognition (CVPR)},
  address = {San Diego, USA},
  year = {2005},
  month = {20-26 June},
  pages = {886-893}
}

% website
% as misc
% Required fields: none. 
% Optional fields: author, title, howpublished, month, year, note.
@misc{ictbusiness,
  title = {ICT business},
  howpublished = {http://www.ictbusiness.it/},
  note = {ultimo accesso 15/06/2015}
}
@inproceedings{sakaki2010earthquake,
  title={Earthquake shakes Twitter users: real-time event detection by social sensors},
  author={Sakaki, Takeshi and Okazaki, Makoto and Matsuo, Yutaka},
  booktitle={Proceedings of the 19th international conference on World wide web},
  pages={851--860},
  year={2010},
  organization={ACM}
}
@inproceedings{asur2010predicting,
  title={Predicting the future with social media},
  author={Asur, Sitaram and Huberman, Bernardo A},
  booktitle={Proceedings of the 2010 IEEE/WIC/ACM International Conference on Web Intelligence and Intelligent Agent Technology-Volume 01},
  pages={492--499},
  year={2010},
  organization={IEEE Computer Society}
}
@inproceedings{jackoway2011identification,
  title={Identification of live news events using Twitter},
  author={Jackoway, Alan and Samet, Hanan and Sankaranarayanan, Jagan},
  booktitle={Proceedings of the 3rd ACM SIGSPATIAL International Workshop on Location-Based Social Networks},
  pages={25--32},
  year={2011},
  organization={ACM}
}
@inproceedings{phuvipadawat2010breaking,
  title={Breaking news detection and tracking in Twitter},
  author={Phuvipadawat, Swit and Murata, Tsuyoshi},
  booktitle={Web Intelligence and Intelligent Agent Technology (WI-IAT), 2010 IEEE/WIC/ACM International Conference on},
  volume={3},
  pages={120--123},
  year={2010},
  organization={IEEE}
}
@inproceedings{liu2011using,
  title={Using social media to identify events},
  author={Liu, Xueliang and Troncy, Rapha{\"e}l and Huet, Benoit},
  booktitle={Proceedings of the 3rd ACM SIGMM international workshop on Social media},
  pages={3--8},
  year={2011},
  organization={ACM}
}
@inproceedings{dickinson2015identifying,
  title={Identifying prominent life events on twitter},
  author={Dickinson, Thomas and Fernandez, Miriam and Thomas, Lisa A and Mulholland, Paul and Briggs, Pam and Alani, Harith},
  booktitle={Proceedings of the 8th International Conference on Knowledge Capture},
  pages={4},
  year={2015},
  organization={ACM}
}

@article{cavalinclassification,
  title={Classification of Life Events on Social Media},
  author={Cavalin, Paulo R and Dornelas, Fillipe and da Cruz, S{\'e}rgio MS}
}
@article{moyanolife,
  title={Life Event Detection using Conversations from Social Media},
  author={Moyano, Luis G and Cavalin, Paulo R and Miranda, Pedro P}
}

@article{choudhury2014personal,
  title={Personal life event detection from social media},
  author={Choudhury, Smitashree and Alani, Harith},
  year={2014},
  publisher={CEUR}
}

@inproceedings{di2013detecting,
  title={Detecting life events in feeds from twitter},
  author={Di Eugenio, Barbara and Green, Nick and Subba, Rajen},
  booktitle={Semantic Computing (ICSC), 2013 IEEE Seventh International Conference on},
  pages={274--277},
  year={2013},
  organization={Ieee}
}

@phdthesis{khobarekar2013detecting,
  title={Detecting life events using tweets},
  author={Khobarekar, Jayashree},
  year={2013},
  school={Ph. D. dissertation, University of Illinois at Chicago}
}

@inproceedings{li2014major,
  title={Major life event extraction from twitter based on congratulations/condolences speech acts},
  author={Li, Jiwei and Ritter, Alan and Cardie, Claire and Hovy, Eduard},
  booktitle={Proceedings of the 2014 conference on empirical methods in natural language processing (EMNLP)},
  pages={1997--2007},
  year={2014}
}

@inproceedings{cavalin2015multiple,
  title={A multiple classifier system for classifying life events on social media},
  author={Cavalin, Paulo R and Moyano, Luis G and Miranda, Pedro P},
  booktitle={Data Mining Workshop (ICDMW), 2015 IEEE International Conference on},
  pages={1332--1335},
  year={2015},
  organization={IEEE}
}
@inproceedings{cavalin2014towards,
  title={Towards Personalized Offers by Means of Life Event Detection on Social Media and Entity Matching.},
  author={Cavalin, Paulo Rodrigo and Gatti, Ma{\'\i}ra and Pinhanez, Claudio Santos},
  booktitle={HT (Doctoral Consortium/Late-breaking Results/Workshops)},
  year={2014}
}
@article{vavliakis2013event,
  title={Event identification in web social media through named entity recognition and topic modeling},
  author={Vavliakis, Konstantinos N and Symeonidis, Andreas L and Mitkas, Pericles A},
  journal={Data \& Knowledge Engineering},
  volume={88},
  pages={1--24},
  year={2013},
  publisher={Elsevier}
}
@article{chen2009adaptive,
  title={An adaptive threshold framework for event detection using HMM-based life profiles},
  author={Chen, Chien Chin and Chen, Meng Chang and Chen, Ming-Syan},
  journal={ACM Transactions on Information Systems (TOIS)},
  volume={27},
  number={2},
  pages={9},
  year={2009},
  publisher={ACM}
}
@article{li2014inferring,
  title={Inferring user preferences by probabilistic logical reasoning over social networks},
  author={Li, Jiwei and Ritter, Alan and Jurafsky, Dan},
  journal={arXiv preprint arXiv:1411.2679},
  year={2014}
}
@inproceedings{wang2011topic,
  title={Topic sentiment analysis in twitter: a graph-based hashtag sentiment classification approach},
  author={Wang, Xiaolong and Wei, Furu and Liu, Xiaohua and Zhou, Ming and Zhang, Ming},
  booktitle={Proceedings of the 20th ACM international conference on Information and knowledge management},
  pages={1031--1040},
  year={2011},
  organization={ACM}
}
@article{samuel1959some,
  title={Some studies in machine learning using the game of checkers},
  author={Samuel, Arthur L},
  journal={IBM Journal of research and development},
  volume={3},
  number={3},
  pages={210--229},
  year={1959},
  publisher={IBM}
}
@article{holmes1967social,
  title={The social readjustment rating scale},
  author={Holmes, Thomas H and Rahe, Richard H},
  journal={Journal of psychosomatic research},
  volume={11},
  number={2},
  pages={213--218},
  year={1967},
  publisher={Elsevier}
}
@article{chatterjee2015facts,
  title={The facts are clear--life events change travel behaviour. Policy-makers please take note},
  author={Chatterjee, Kiron and Clark, Ben},
  journal={Local Transport Today},
  volume={679},
  pages={18},
  year={2015},
  publisher={Landor}
}